

@book{lfd,
 author = {Abu-Mostafa, Yaser S.},
 title = {Learning from Data},
 year = {2012},
 publisher = {AMLBook},
}

@book{funtional_analysis,
 author = {Akilov, Kantorovich},
 title = {Functional Analysis},
 year = {1982},
 publisher = {Pergamon},
}

@book{ctm,
  author = {Cherkassky, Mulier},
  title = {Learning from Data. Concepts, Theory and Methods},
  year = {2007},
  publisher = {Wiley},
}

@book{pam,
  author = {Avriel, Mordecai},
  title = {Nonlinear Programming: Analysis and Methods},
  year = {2003},
  publisher = {Dover Publishing},
}

@book{esl,
	author = "Friedman, Tibshirani, Hastie",
	title = {The Elements of Statistical Learning},
	year = {2015},
	publisher = {Springer},
}

@book{np,
   author = {Nocedal},
   title = {Numerical optimization},
   year = {1999},
   publisher = {Springer-Verlag},
}

@book{rudin,
   author = {Rudin, Walter},
   title = {Principles of Mathematical Analysis},
   year = {1976},
   publisher = {McGraw-Hill},
}

@article{fgd,
	title = "Faster gradient descent via an adaptive learning rate",
	journal = "University of Toronto",
	url = "http://www.cs.toronto.edu/~mravox/p4.pdf",
	author = "Mathieu Ravut and Satya Krishna Gorti",
}


